@book{r1,
  title={计算科学导论},
  author={赵致琢},
  year={2004},
  publisher={科学出版社}
}
@book{r2,
  title={作为学科的计算科学},
  author={闵应骅},
  publisher={广西科学技术出版社},
  year={1994},
}

@book{r3,
  title={More Natural Programming Languages and Environments},
  author={Pane, John F. and Myers, Brad A.},
  publisher={ACM},
  year={2006},
}
@book{r4,
  title={微机原理与接口技术},
  author={彭虎},
  publisher={电子工业出版社},
}

@book{r5,
  title={计算机操作系统原理},
  author={张琼声},
  publisher={中国石油大学出版社},
  year={2012},
}

@book{r6,
  title={计算机组成与系统结构},
  author={袁春风},
  publisher={清华大学出版社},
  year={2015},
}
@book{r7,
  title={Data Structures and Algorithm Analysis in C},
  author={Mark Allen Weiss},
  year={2003},
}
